<record><leader>00000cas a22000007a 4500</leader><controlfield tag="001">18802482</controlfield><controlfield tag="008">881125d188618uundumr ne      0    0eng d</controlfield><datafield ind1=" " ind2=" " tag="010"><subfield code="a">sn 88076733 </subfield></datafield><datafield ind1=" " ind2=" " tag="040"><subfield code="a">NOP</subfield><subfield code="b">eng</subfield><subfield code="c">NOP</subfield><subfield code="d">OCLCQ</subfield></datafield><datafield ind1=" " ind2=" " tag="042"><subfield code="a">msc</subfield></datafield><datafield ind1="0" ind2="4" tag="245"><subfield code="a">The Park River times.</subfield></datafield><datafield ind1=" " ind2=" " tag="260"><subfield code="a">Park River, Walsh County, Dakota [N.D.] :</subfield><subfield code="b">J.H. McCullough</subfield></datafield><datafield ind1=" " ind2=" " tag="300"><subfield code="a">v.</subfield></datafield><datafield ind1=" " ind2=" " tag="310"><subfield code="a">Monthly</subfield></datafield><datafield ind1="1" ind2=" " tag="362"><subfield code="a">Began in Apr. 1886?</subfield></datafield><datafield ind1=" " ind2=" " tag="530"><subfield code="a">Available on microfilm from the State Histiorical Society of North Dakota.</subfield></datafield><datafield ind1=" " ind2=" " tag="588"><subfield code="a">Description based on: Vol. 1, no. 2 (May 1886).</subfield></datafield><datafield ind1=" " ind2=" " tag="752"><subfield code="a">United States</subfield><subfield code="b">North Dakota</subfield><subfield code="c">Walsh</subfield><subfield code="d">Park River.</subfield></datafield></record>